@article{cimg,
  title={The CImg Library: http://cimg. sourceforge. net},
  author={Tschumperl{\'e}, D},
  journal={The C++ Template Image Processing Library}
}
